@misc{server-plugins,
    howpublished="https://developer.valvesoftware.com/wiki/Server\_plugins",
    author="Valve",
    title="Server Plugins -- {V}alve {D}eveloper {C}ommunity",
    month="Feb",
    year="2009",
}
